@online{youbioit,
    author = "8714",
    title = "Como funciona la meoria de una computadora",
    url  = "http://www.youbioit.com/es/article/shared-information/8714/como-funciona-la-memoria-de-una-computadora"
}

@online{memoria,
    author = "Wikipedia",
    title = "Memoria (informàtica)",
    url  = "https://es.wikipedia.org/wiki/Memoria_(inform%C3%A1tica)",
    addendum = "(accessed: 06.09.2020)"
}

@online{monografias,
    author = "Monografias",
    title = "Las Memorias de un Computador",
    url  = "https://www.monografias.com/trabajos16/memorias/memorias.shtml",
    addendum = "(accessed: 06.09.2020)"
}

@online{cache,
	author = "Wikipedia",
	title = "Cachè (Informàtica)",
	url  = "https://es.wikipedia.org/wiki/Cach%C3%A9_(inform%C3%A1tica)",
	addendum = "(accessed: 06.09.2020)"
}